<record xmlns="http://www.loc.gov/MARC21/slim">
   <leader>02484cam a2200373 i 45 0</leader>
   <controlfield tag="001">6804058</controlfield>
   <controlfield tag="005">20141017073829.0</controlfield>
   <controlfield tag="008">141007s2015    flua     b    001 0 eng  </controlfield>
   <datafield ind1=" " ind2=" " tag="010">
      <subfield code="a">  2014039283</subfield>
   </datafield>
   <datafield ind1=" " ind2=" " tag="020">
      <subfield code="a">9781466598584 (hardcover : alk. paper)</subfield>
   </datafield>
   <datafield ind1=" " ind2=" " tag="040">
      <subfield code="a">DNAL/DLC</subfield>
      <subfield code="b">eng</subfield>
      <subfield code="e">rda</subfield>
      <subfield code="c">DNAL</subfield>
      <subfield code="d">AOAC</subfield>
   </datafield>
   <datafield ind1=" " ind2=" " tag="042">
      <subfield code="a">pcc</subfield>
   </datafield>
   <datafield ind1=" " ind2=" " tag="043">
      <subfield code="a">w------</subfield>
   </datafield>
   <datafield ind1="0" ind2="0" tag="050">
      <subfield code="a">S599.9.T73</subfield>
      <subfield code="b">S65 2015</subfield>
   </datafield>
   <datafield ind1="0" ind2=" " tag="070">
      <subfield code="a">S599.9.T73</subfield>
      <subfield code="b">S655 2015</subfield>
   </datafield>
   <datafield ind1="0" ind2="0" tag="082">
      <subfield code="a">631.4</subfield>
      <subfield code="2">23</subfield>
   </datafield>
   <datafield ind1=" " ind2=" " tag="090">
      <subfield code="a">S 599.9 T73 S65 2015</subfield>
      <subfield code="b">AOAC</subfield>
   </datafield>
   <datafield ind1="0" ind2="0" tag="245">
      <subfield code="a">Soil management of smallholder agriculture /</subfield>
      <subfield code="c">editors: Rattan Lal, B. A. Stewart.</subfield>
   </datafield>
   <datafield ind1=" " ind2="1" tag="264">
      <subfield code="a">Boca Raton, FL :</subfield>
      <subfield code="b">CRC Press, Taylor &amp; Francis Group,</subfield>
      <subfield code="c">2015.</subfield>
   </datafield>
   <datafield ind1=" " ind2=" " tag="300">
      <subfield code="a">xiii, 406 pages :</subfield>
      <subfield code="b">illustrated ;</subfield>
      <subfield code="c">24 cm.</subfield>
   </datafield>
   <datafield ind1=" " ind2=" " tag="336">
      <subfield code="a">text</subfield>
      <subfield code="2">rdacontent</subfield>
   </datafield>
   <datafield ind1=" " ind2=" " tag="337">
      <subfield code="a">unmediated</subfield>
      <subfield code="2">rdamedia</subfield>
   </datafield>
   <datafield ind1=" " ind2=" " tag="338">
      <subfield code="a">volume</subfield>
      <subfield code="2">rdacarrier</subfield>
   </datafield>
   <datafield ind1="1" ind2=" " tag="490">
      <subfield code="a">Advances in soil science</subfield>
   </datafield>
   <datafield ind1=" " ind2=" " tag="504">
      <subfield code="a">Includes bibliographical references and index.</subfield>
   </datafield>
   <datafield ind1=" " ind2=" " tag="520">
      <subfield code="a">The book addresses the challenges and opportunities that resource-poor and small landholders face and provides recommended management practices to alleviate soil-related constraints, and increase and sustain crop yield and production. It discusses the cultural, economic, social, and technological aspects of sustainable soil management for smallholder farmers. It then examines soil-related and institutional constraints, principles of sustainable agriculture, soil quality improvement, nutrient and soil fertility management, soil carbon sequestration, soil security, efficient use of resources, and agronomic production. Edited by experts, the book makes the case for the adoption of proven technologies of sustainable intensification, producing more from less, both for advancing agronomic production and adapting to changing climate. It outlines a strategy that will usher in a soil-based Green Revolution by increasing the use efficiency of energy-based inputs such as fertilizers, pesticides, and irrigation to restore soil quality, and sequestering carbon in the terrestrial ecosystems. This strategy helps small farms narrow the gap between the actual and attainable crop yield.</subfield>
   </datafield>
   <datafield ind1=" " ind2="0" tag="650">
      <subfield code="a">Soil management</subfield>
      <subfield code="z">Tropics.</subfield>
   </datafield>
   <datafield ind1=" " ind2="0" tag="650">
      <subfield code="a">Farms, Small</subfield>
      <subfield code="z">Tropics.</subfield>
   </datafield>
   <datafield ind1=" " ind2="0" tag="650">
      <subfield code="a">Agriculture</subfield>
      <subfield code="z">Tropics.</subfield>
   </datafield>
   <datafield ind1="1" ind2=" " tag="700">
      <subfield code="a">Lal, R.,</subfield>
      <subfield code="e">editor.</subfield>
   </datafield>
   <datafield ind1="1" ind2=" " tag="700">
      <subfield code="a">Stewart, B. A.</subfield>
      <subfield code="q">(Bobby Alton),</subfield>
      <subfield code="d">1932-</subfield>
      <subfield code="e">editor.</subfield>
   </datafield>
   <datafield ind1=" " ind2="0" tag="830">
      <subfield code="a">Advances in soil science (Boca Raton, Fla.)</subfield>
   </datafield>
   <datafield ind1=" " ind2=" " tag="596">
      <subfield code="a">33</subfield>
   </datafield>
   <datafield ind1=" " ind2=" " tag="926">
      <subfield code="a">S 599.9 T73 S65 2015</subfield>
      <subfield code="w">LC</subfield>
      <subfield code="c">1</subfield>
      <subfield code="i">0164000902589</subfield>
      <subfield code="l">ON_SHELF</subfield>
      <subfield code="m">OLDS</subfield>
      <subfield code="r">Y</subfield>
      <subfield code="s">Y</subfield>
      <subfield code="t">BOOK</subfield>
      <subfield code="u">2/20/2015</subfield>
   </datafield>
</record>
